%Christopher
@misc{HeisenbergPascuzzo,
  title = {Heisenberg's inequality for Fourier transform},
  author = {Riccardo Pascuzzo},
  howpublished = {\url{https://appliedmath.brown.edu/sites/g/files/dprerj1051/
  files/fractional/26\%20Heisenbergsinequality.pdf}},
  note = {Accessed: 2021-06-30, page 3}
}

@book{GriffithsQuantumMechanics,
  title={Quantenmechanik (Lehr- und Übungsbuch)},
  author={David J. Griffiths},
  year={2012},
  publisher={Pearson Deutschland GmbH}
}

@book{QuantumComputingHomeister,
  title={Quantum Computing verstehen (Grundlagen - Anwendungen - Perspektiven)},
  author={Matthias Homeister},
  year={2018},
  publisher={Springer Verlag}
}

@misc{Gates,
  title = {Commonly used Quantum Gates},
  howpublished = {\url{https://www.researchgate.net/publication/266855738/
  figure/fig1/AS:295653453385731@1447500684743/Commonly-used-quantum-gates-NOT-Z-Hadamard-and-CNOT.png}},
  note = {Accessed: 2021-06-05}
}

@article{QuantumMachineLearningWittek,
  title={Quantum Machine Learning},
  author={Jacob Biamonte, Peter Wittek, Nicola Pancotti, Patrick Rebentrost, Nathan Wiebe, Seth Lloyd},
  journal={Nature 549},
  number={2},
  pages={14},
  year={2018},
  publisher={arXiv:1611.09347v2}
}

@book{KopoBaker,
  title={50 Schlüsselideen Physik},
  author={Joanne Baker},
  year={2009},
  publisher={Springer Verlag}
}

@misc{GroverExample,
  title = {Grover's Algorithm},
  howpublished = {\url{https://qiskit.org/textbook/ch-algorithms/grover.html}},
  note = {Accessed: 2021-07-04}
}

@article{PartialQuantumSearchGrover,
  title={Is partial quantum search of a database any easier?},
  author={Lov K. Grover, Jaikumar Radhakrishnan},
  journal={Arxiv},
  number={4},
  year={2005},
  publisher={arXiv:quant-ph/0407122v4}
}

@article{FastQuantumAlgorithmGrover,
  title={A fast quantum mechanical algorithm for database search},
  author={Lov K. Grover},
  journal={Arxiv},
  number={3},
  pages={3},
  year={1996},
  publisher={arXiv:quant-ph/9605043v3}
}

@article{QuantumAmplitudeAmplificationBrassard,
  title={Quantum Amplitude Amplification and Estimation},
  author={Gilles Brassard, Peter Hoyer, Michele Mosca, Alain Tapp},
  journal={Quantum Computation and Quantum Information},
  number={1},
  year={2000},
  publisher={arXiv:quant-ph/0005055v1}
}

@article{Annealing,
  title={Quantum annealing},
  author={Alfonso de la Fuente Ruiz},
  journal={Arxiv},
  number={1},
  year={2014},
  publisher={arXiv:1404.2465v1}
}

@article{RuntimeOptiBishwas,
  title={Parts of Speech Tagging in NLP - Runtime Optimization with Quantum Formulation and ZX Calculus},
  author={Arit Kumar Bishwas, Ashish Mani, Vasile Palade},
  journal={Arxiv},
  number={1},
  pages={3},
  year={2020},
  publisher={arXiv:2007.10328v1}
}

@article{RuntimeOptiBishwas2,
  title={Parts of Speech Tagging in NLP - Runtime Optimization with Quantum Formulation and ZX Calculus},
  author={Arit Kumar Bishwas, Ashish Mani, Vasile Palade},
  journal={Arxiv},
  number={1},
  pages={5},
  year={2020},
  publisher={arXiv:2007.10328v1}
}

@article{IntroDeepReinfLavet,
  title={An Introduction to Deep Reinforcement Learning},
  author={Vincent Francois-Lavet, Peter Henderson, Riashat Islam, Marc G. Bellemare, Joelle Pineau},
  journal={Foundations and Trends in Machine Learning},
  number={2},
  pages={15},
  year={2018},
  publisher={arXiv:1811.12560v2}
}

@article{QuantumReinfDong,
  title={Quantum Reinforcement Learning},
  author={Daoyi Dong, Chunlin Chen, Hanxiong Li, Tzyh-Jongh Tarn},
  journal={IEEE Transactions on Systems Man and Cybernetics Part B: Cybernetics},
  number={1},
  pages={7},
  year={2008},
  publisher={arXiv:0810.3828v1}
}

@article{ShorAlgorithm,
  title={Polynomial-Time Algorithms for Prime Factorization and Discrete Logarithms on a Quantum Computer},
  author={Peter W. Shor},
  journal={SIAM J.Sci.Statist.Comput. 26},
  number={2},
  year={1996},
  publisher={arXiv:quant-ph/9508027v2}
}
%%%%%%%%%%%%%%%%%%%%%%%%%%%%%%%%%%%%%%%%%%%%%%%%%%%%%%%%%%%%%%%%%%%%%%%%%%%%%%%%%%%%%%%%%%%%%%%%%%%%%%%%%%%%%%%%%%%

%NISQ - Daniel 





%%%%%%%%%%%%%%%%%%%%%%%%%%%%%%%%%%%%%%%%%%%%%%%%%%%%%%%%%%%%%%%%%%%%%%%%%%%%%%%%%%%%%%%%%%%%%%%%%%%%%%%%%%%%%%%%%%%%

% NISQ 

@misc{roadmapIBM,
  title = {IBM Quantum Roadmap},
  howpublished = {\url{https://www.ibm.com/blogs/research/2020/09/ibm-quantum-roadmap/}},
  note = {Accessed: 2021-06-5}
}

@article{arute2019supremacy,
  title={Quantum supremacy using a programmable superconducting processor},
  author={Arute, Frank and Arya, Kunal and Babbush, Ryan and Bacon, Dave and Bardin, Joseph C and Barends, Rami and Biswas, Rupak and Boixo, Sergio and Brandao, Fernando GSL and Buell, David A and others},
  journal={Nature},
  volume={574},
  number={7779},
  pages={505--510},
  year={2019},
  publisher={Nature Publishing Group}
}

@misc{benchmarksIBM,
  title = {Cramming More Power Into a Quantum Device},
  howpublished = {\url{https://www.ibm.com/blogs/research/2019/03/power-quantum-device/}},
  note = {Accessed: 2021-06-5}
}

@article{preskill2018quantum,
  title={Quantum Computing in the NISQ era and beyond},
  author={Preskill, John},
  journal={Quantum},
  volume={2},
  pages={7, 8},
  year={2018},
  publisher={Verein zur F{\"o}rderung des Open Access Publizierens in den Quantenwissenschaften}
}

@inproceedings{murali2019noise,
  title={Noise-adaptive compiler mappings for noisy intermediate-scale quantum computers},
  author={Murali, Prakash and Baker, Jonathan M and Javadi-Abhari, Ali and Chong, Frederic T and Martonosi, Margaret},
  booktitle={Proceedings of the Twenty-Fourth International Conference on Architectural Support for Programming Languages and Operating Systems},
  pages={1015--1029},
  year={2019}
}

@article{chen2020variational,
  title={Variational quantum circuits for deep reinforcement learning},
  author={Chen, Samuel Yen-Chi and Yang, Chao-Han Huck and Qi, Jun and Chen, Pin-Yu and Ma, Xiaoli and Goan, Hsi-Sheng},
  journal={IEEE Access},
  volume={8},
  pages={141007--141024},
  year={2020},
  publisher={IEEE}
}

@book{wittek2014quantum,
  title={Quantum machine learning: what quantum computing means to data mining},
  author={Wittek, Peter},
  year={2014},
  publisher={Academic Press}
  pages={7, 115, 116}
}

@article{biamonte2017quantum,
  title={Quantum machine learning},
  author={Biamonte, Jacob and Wittek, Peter and Pancotti, Nicola and Rebentrost, Patrick and Wiebe, Nathan and Lloyd, Seth},
  journal={Nature},
  volume={549},
  number={7671},
  pages={195-202},
  year={2017},
  publisher={Nature Publishing Group}
}

%%Von Daniel

@article{opportunitieschallenges1,
  title={Opportunities and challenges for quantum-assisted machine learning in near-term quantum computers},
  author={Alejandro Perdomo-Ortiz, Marcello Benedetti, John Realpe-Gomez and Rupak Biswas},
  journal={Arxiv},
  volume={1},
  pages={1},
  year={2018},
  publisher={Arxiv}
}

@article{opportunitieschallenges5,
  title={Opportunities and challenges for quantum-assisted machine learning in near-term quantum computers},
  author={Alejandro Perdomo-Ortiz, Marcello Benedetti, John Realpe-Gomez and Rupak Biswas},
  journal={Arxiv},
  volume={1},
  pages={5},
  year={2018},
  publisher={Arxiv}
}

@article{quantummethodssupervised1,
  title={Quantum Computing Methods for Supervised Learning},
  author={Viraj Kulkarni1, Milind Kulkarni, Aniruddha Pant},
  journal={Arxiv},
  volume={1},
  pages={22},
  year={2020},
  publisher={Arxiv}
}

@misc{fraunhoferbigdata,
  title = {Quantum Machine Learning: Kompetenzen, Forschung, Anwendung },
  howpublished = {\url{https://www.bigdata-ai.fraunhofer.de/de/publikationen/quantum-ml.html}},
  note = {Accessed: 2021-25-5}
}
